@article{Curtin:2013fra,
      author         = "Curtin, David and others",
      title          = "{Exotic decays of the 125 GeV Higgs boson}",
      journal        = "Phys. Rev.",
      volume         = "D90",
      year           = "2014",
      number         = "7",
      pages          = "075004",
      doi            = "10.1103/PhysRevD.90.075004",
      eprint         = "1312.4992",
      archivePrefix  = "arXiv",
      primaryClass   = "hep-ph",
      reportNumber   = "YITP-13-47, PITT-PACC-1314",
      SLACcitation   = "%%CITATION = ARXIV:1312.4992;%%"
}

@article{Djouadi:1997gw,
      author         = "Djouadi, Abdelhak and Drees, Manuel",
      title          = "{Higgs boson decays into light gravitinos}",
      journal        = "Phys. Lett.",
      volume         = "B407",
      year           = "1997",
      pages          = "243-249",
      doi            = "10.1016/S0370-2693(97)00670-9",
      eprint         = "hep-ph/9703452",
      archivePrefix  = "arXiv",
      primaryClass   = "hep-ph",
      reportNumber   = "APCTP-97-05, PM-97-05",
      SLACcitation   = "%%CITATION = HEP-PH/9703452;%%"
}

@article{Mason:2009qh,
      author         = "Mason, John D. and Morrissey, David E. and Poland, David",
      title          = "{Higgs Boson Decays to Neutralinos in Low-Scale Gauge
                        Mediation}",
      journal        = "Phys. Rev.",
      volume         = "D80",
      year           = "2009",
      pages          = "115015",
      doi            = "10.1103/PhysRevD.80.115015",
      eprint         = "0909.3523",
      archivePrefix  = "arXiv",
      primaryClass   = "hep-ph",
      SLACcitation   = "%%CITATION = ARXIV:0909.3523;%%"
}

@article{Petersson:2012dp,
      author         = "Petersson, Christoffer and Romagnoni, Alberto and Torre,
                        Riccardo",
      title          = "{Higgs Decay with Monophoton + MET Signature from Low
                        Scale Supersymmetry Breaking}",
      journal        = "JHEP",
      volume         = "10",
      year           = "2012",
      pages          = "016",
      doi            = "10.1007/JHEP10(2012)016",
      eprint         = "1203.4563",
      archivePrefix  = "arXiv",
      primaryClass   = "hep-ph",
      reportNumber   = "IFT-UAM-CSIC-12-23, FTUAM-12-86, LPN12-041",
      SLACcitation   = "%%CITATION = ARXIV:1203.4563;%%"
}

@article{lowmonophoton,
      author         = "Khachatryan, Vardan and others",
      title          = "{Search for exotic decays of a Higgs boson into
                        undetectable particles and one or more photons}",
      collaboration  = "CMS",
      journal        = "Phys. Lett.",
      volume         = "B753",
      year           = "2016",
      pages          = "363-388",
      doi            = "10.1016/j.physletb.2015.12.017",
      eprint         = "1507.00359",
      archivePrefix  = "arXiv",
      primaryClass   = "hep-ex",
      reportNumber   = "CMS-HIG-14-025, CERN-PH-EP-2015-131",
      SLACcitation   = "%%CITATION = ARXIV:1507.00359;%%"
}
 
@article{ATLAS:2015bra,
      author         = "The ATLAS collaboration",
      title          = "{Search for exotic Higgs-boson decays in events with at
                        least one photon, missing transverse momentum, and two
                        forward jets produced in $\sqrt{s}$ = 8 TeV
                        $\boldsymbol{pp}$ collisions with the ATLAS detector}",
      collaboration  = "ATLAS",
      year           = "2015",
      reportNumber   = "ATLAS-CONF-2015-001",
      SLACcitation   = "%%CITATION = ATLAS-CONF-2015-001;%%"
}

@article{madgraph,
      author         = "Alwall, J. and Frederix, R. and Frixione, S. and Hirschi,
                        V. and Maltoni, F. and Mattelaer, O. and Shao, H. -S. and
                        Stelzer, T. and Torrielli, P. and Zaro, M.",
      title          = "{The automated computation of tree-level and
                        next-to-leading order differential cross sections, and
                        their matching to parton shower simulations}",
      journal        = "JHEP",
      volume         = "07",
      year           = "2014",
      pages          = "079",
      doi            = "10.1007/JHEP07(2014)079",
      eprint         = "1405.0301",
      archivePrefix  = "arXiv",
      primaryClass   = "hep-ph",
      reportNumber   = "CERN-PH-TH-2014-064, CP3-14-18, LPN14-066, MCNET-14-09,
                        ZU-TH-14-14",
      SLACcitation   = "%%CITATION = ARXIV:1405.0301;%%"
}

@article{pythia,

      author         = "Sjostrand, Torbjorn and Mrenna, Stephen and Skands, Peter
                        Z.",
      title          = "{A Brief Introduction to PYTHIA 8.1}",
      journal        = "Comput. Phys. Commun.",
      volume         = "178",
      year           = "2008",
      pages          = "852-867",
      doi            = "10.1016/j.cpc.2008.01.036",
      eprint         = "0710.3820",
      archivePrefix  = "arXiv",
      primaryClass   = "hep-ph",
      reportNumber   = "CERN-LCGAPP-2007-04, LU-TP-07-28,
                        FERMILAB-PUB-07-512-CD-T",
      SLACcitation   = "%%CITATION = ARXIV:0710.3820;%%"
}

@article{delphes,

      author         = "de Favereau, J. and Delaere, C. and Demin, P. and
                        Giammanco, A. and Lema√Ætre, V. and Mertens, A. and
                        Selvaggi, M.",
      title          = "{DELPHES 3, A modular framework for fast simulation of a
                        generic collider experiment}",
      collaboration  = "DELPHES 3",
      journal        = "JHEP",
      volume         = "02",
      year           = "2014",
      pages          = "057",
      doi            = "10.1007/JHEP02(2014)057",
      eprint         = "1307.6346",
      archivePrefix  = "arXiv",
      primaryClass   = "hep-ex",
      SLACcitation   = "%%CITATION = ARXIV:1307.6346;%%"
}
  
  
@article{Christensen:2013aua,
      author         = "Christensen, Neil D. and de Aquino, P. and Deutschmann,
                        N. and Duhr, C. and Fuks, B. and Garcia-Cely, C. and
                        Mattelaer, O. and Mawatari, K. and Oexl, B. and Takaesu,
                        Y.",
      title          = "{Simulating spin-$ \frac{3}{2}$ particles at colliders}",
      journal        = "Eur. Phys. J.",
      volume         = "C73",
      year           = "2013",
      number         = "10",
      pages          = "2580",
      doi            = "10.1140/epjc/s10052-013-2580-x",
      eprint         = "1308.1668",
      archivePrefix  = "arXiv",
      primaryClass   = "hep-ph",
      reportNumber   = "CERN-PH-TH-2013-187, IPPP-13-56, DCPT-13-172,
                        MCNET-13-09, PITT-PACC-1307, KIAS-P13044, TUM-HEP-900-13",
      SLACcitation   = "%%CITATION = ARXIV:1308.1668;%%"
}
  
@inproceedings{Anderson:2013kxz,
      author         = "Anderson, Jacob and others",
      title          = "{Snowmass Energy Frontier Simulations}",
      booktitle      = "{Community Summer Study 2013: Snowmass on the Mississippi
                        (CSS2013) Minneapolis, MN, USA, July 29-August 6, 2013}",
      url            = "http://inspirehep.net/record/1252716/files/arXiv:1309.1057.pdf",
      year           = "2013",
      eprint         = "1309.1057",
      archivePrefix  = "arXiv",
      primaryClass   = "hep-ex",
      reportNumber   = "FERMILAB-TM-2566-CMS-E-PPD",
      SLACcitation   = "%%CITATION = ARXIV:1309.1057;%%"
}

@article{mcfm,

      author         = "Campbell, John M. and Ellis, R. K.",
      title          = "{MCFM for the Tevatron and the LHC}",
      booktitle      = "{Proceedings,  10th DESY Workshop on Elementary Particle
                        Theory: Loops and Legs in Quantum Field Theory}",
      journal        = "Nucl. Phys. Proc. Suppl.",
      volume         = "205-206",
      year           = "2010",
      pages          = "10-15",
      doi            = "10.1016/j.nuclphysbps.2010.08.011",
      eprint         = "1007.3492",
      archivePrefix  = "arXiv",
      primaryClass   = "hep-ph",
      reportNumber   = "FERMILAB-CONF-10-244-T",
      SLACcitation   = "%%CITATION = ARXIV:1007.3492;%%"
}


@article{Campbell:2011bn,
      author         = "Campbell, John M. and Ellis, R. Keith and Williams,
                        Ciaran",
      title          = "{Vector boson pair production at the LHC}",
      journal        = "JHEP",
      volume         = "07",
      year           = "2011",
      pages          = "018",
      doi            = "10.1007/JHEP07(2011)018",
      eprint         = "1105.0020",
      archivePrefix  = "arXiv",
      primaryClass   = "hep-ph",
      reportNumber   = "FERMILAB-PUB-11-182-T",
      SLACcitation   = "%%CITATION = ARXIV:1105.0020;%%"
}